<record><leader>00000cas a2200000 a 4500</leader><controlfield tag="001">15528989</controlfield><controlfield tag="008">870414d19121926iludn ne      0    0eng c</controlfield><datafield ind1=" " ind2=" " tag="010"><subfield code="a">sn 87082572 </subfield></datafield><datafield ind1=" " ind2=" " tag="040"><subfield code="a">NPV</subfield><subfield code="b">eng</subfield><subfield code="c">NPV</subfield><subfield code="d">NVF</subfield><subfield code="d">OCLCQ</subfield><subfield code="d">NVF</subfield><subfield code="d">OCLCQ</subfield><subfield code="d">OCLCF</subfield><subfield code="d">OCLCO</subfield></datafield><datafield ind1=" " ind2=" " tag="042"><subfield code="a">pcc</subfield></datafield><datafield ind1=" " ind2=" " tag="043"><subfield code="a">n-us-il</subfield></datafield><datafield ind1="0" ind2=" " tag="130"><subfield code="a">Canton daily ledger (Canton, Ill. : 1912)</subfield></datafield><datafield ind1="1" ind2="0" tag="245"><subfield code="a">Canton daily ledger.</subfield></datafield><datafield ind1=" " ind2=" " tag="260"><subfield code="a">Canton, Ill. :</subfield><subfield code="b">Canton Ledger Co., Pub.,</subfield><subfield code="c">1912-1926.</subfield></datafield><datafield ind1=" " ind2=" " tag="300"><subfield code="a">v.</subfield></datafield><datafield ind1=" " ind2=" " tag="310"><subfield code="a">Daily (except Sunday)</subfield></datafield><datafield ind1="0" ind2=" " tag="362"><subfield code="a">Vol. 1, no. 1 (Oct. 3, 1912)-v. 14, no. 202 (May 29, 1926).</subfield></datafield><datafield ind1=" " ind2=" " tag="580"><subfield code="a">Weekly ed.: Fulton County ledger, 1912-1913.</subfield></datafield><datafield ind1=" " ind2=" " tag="580"><subfield code="a">Merged with: Canton daily register, to form: Canton daily ledger and daily register.</subfield></datafield><datafield ind1=" " ind2="0" tag="651"><subfield code="a">Canton (Ill.)</subfield><subfield code="v">Newspapers.</subfield></datafield><datafield ind1=" " ind2="7" tag="655"><subfield code="a">Newspapers.</subfield><subfield code="2">fast</subfield><subfield code="0">(OCoLC)fst01423814</subfield></datafield><datafield ind1=" " ind2="7" tag="651"><subfield code="a">Illinois</subfield><subfield code="z">Canton.</subfield><subfield code="2">fast</subfield><subfield code="0">(OCoLC)fst01232869</subfield></datafield><datafield ind1=" " ind2=" " tag="752"><subfield code="a">United States</subfield><subfield code="b">Illinois</subfield><subfield code="c">Fulton</subfield><subfield code="d">Canton.</subfield></datafield><datafield ind1="1" ind2=" " tag="775"><subfield code="t">Fulton County ledger</subfield><subfield code="w">(DLC)sn 85033421</subfield><subfield code="w">(OCoLC)11956513</subfield></datafield><datafield ind1="1" ind2="7" tag="785"><subfield code="t">Canton daily register</subfield><subfield code="w">(DLC)sn 93055724</subfield><subfield code="w">(OCoLC)28364525</subfield></datafield><datafield ind1="1" ind2="7" tag="785"><subfield code="t">Canton daily ledger and daily register</subfield><subfield code="w">(DLC)sn 85033473</subfield><subfield code="w">(OCoLC)11986563</subfield></datafield></record>